@misc{istio_profiles,
    author  = {The Istio Authors},
    title   = {Istio: Installation Configuration Profiles},
    year    = {2023},
    url     = {https://istio.io/latest/docs/setup/additional-setup/config-profiles/}
}
@misc{tesi_spiridioni,
    author       = {L. Spiridioni and J. Soldani and A. Brogi},
    title        = {Logging di applicazioni basate su microservizi},
    year         = {2023},
    type         = {Bachelor's Thesis},
    school       = {Università di Pisa}
}
@misc{istio_bookinfo,
    author  = {The Istio Authors},
    title   = {Istio: Bookinfo Application},
    year    = {2023},
    url     = {https://istio.io/latest/docs/examples/bookinfo/}
}
@misc{istio_revisions,
    author  = {The Istio Authors},
    title   = {Istio: Safely upgrade the Istio control plane with revisions and tags},
    year    = {2021},
    url     = {https://istio.io/v1.16/blog/2021/revision-tags/}
}
@misc{kubernetes_log_location,
    author  = {The Linux Foundation},
    title   = {Kubernetes: Logging Architecture},
    year    = {2023},
    url     = {https://kubernetes.io/docs/concepts/cluster-administration/logging/}
}
@misc{life_of_a_request,
    author  = {Envoy Project Authors},
    title   = {Life of a request},
    url     = {https://www.envoyproxy.io/docs/envoy/latest/intro/life_of_a_request}
}
@misc{filebeat_resources,
    author  = {Elasticsearch B.V.},
    title   = {Not sure whether to use Logstash or Beats},
    url     = {https://www.elastic.co/guide/en/beats/filebeat/current/diff-logstash-beats.html}
}
@misc{failure_root_cause_analysis,
    author       = {J. Soldani and S. Forti and A. Brogi},
    title        = {Failure Root Cause Analysis for Microservices, Explained},
    year         = {2022},
    school       = {Università di Pisa}
}
@misc{gerhards_syslog_protocol,
    author  = {R. Gerhards},
    title   = {The syslog protocol},
    year    = {2009},
    month   = {3},
    url     = {http://www.rfc-editor.org/rfc/rfc5424.txt},
    note    = {RFC 5424}
}
@misc{leach_uuid_urn,
    author  = {P. J. Leach and M. Mealling and R. Salz},
    title   = {A universally unique identifier (uuid) urn namespace},
    year    = {2005},
    month   = {7},
    url     = {http://www.rfc-editor.org/rfc/rfc4122.txt},
    note    = {RFC 4122}
}
@misc{python_standard_library,
    author  = {Software Foundation Python},
    title   = {Standard library},
    year    = {2023},
    url     = {https://docs.python.org/3/library/}
}
@misc{gelf_format,
    author  = {Graylog Inc.},
    title   = {GELF},
    year    = {2021},
    url     = {https://docs.python.org/3/library/}
}
@misc{scroll_api,
    author  = {Elasticsearch B.V.},
    title   = {Scroll API},
    url     = {https://www.elastic.co/guide/en/elasticsearch/reference/7.17/scroll-api.html}
}
@misc{yrca,
    author = {L. Roveroni},
    title = {Enabling and Assessing Explainable Root Cause Analysis for Microservices},
    type = {Tesi di Laurea Magistrale in Informatica},
    school = {Università di Pisa},
    year = {2023}

}
@misc{ibm_report_docker,
    author = {W. Felter and A. Ferreira and R. Rajamony and J. Rubio},
    title = {An Updated Performance Comparison of Virtual Machines and Linux Containers},
    year = {2014},
    pages = {6},
}
@misc{filbeat_log_input,
    author  = {Elasticsearch B.V.},
    title   = {Log Input},
    url     = {https://www.elastic.co/guide/en/beats/filebeat/current/filebeat-input-log.html}
}
@misc{sockshop_graph,
    author       = {J. Soldani and G. Muntoni and A. Brogi},
    title        = {Mining the Architecture of Microservice-Based Applications from their Kubernetes Deployment},
    year         = {2020},
    school       = {Università di Pisa}
}